@inproceedings{5635176,
	Author = {Tonella, P. and Susi, A. and Palma, F.},
	Booktitle = {Search Based Software Engineering (SSBSE), 2010 Second International Symposium on},
	Doi = {10.1109/SSBSE.2010.17},
	Keywords = {implementation constraints;interactive GA;interactive genetic algorithm;limited resource allocation;noninteractive optimization;requirement analysts;requirement ordering;requirements prioritization;technical constraints;technical dependency;user priority;formal specification;formal verification;genetic algorithms;resource allocation;},
	Month = {September},
	Pages = {57 -66},
	Title = {Using Interactive \{GA\} for Requirements Prioritization},
	Year = {2010},
	Bdsk-Url-1 = {http://dx.doi.org/10.1109/SSBSE.2010.17}}

@misc{Lavazza_2017,
url={http://www.lavazza.it/it/a-casa/moka/qualita-rossa.html},
journal={Lavazza.it},
year={2017}
}

@misc{acqua,
title={Acqua per tè e caffè},
url={https://www.comunicaffe.it/acqua-per-te-caffe-la-qualita-di-una-buona-tazza-di-te-e-quindi-anche-di-caffe-dipende-per-il-20-percento-dalla-qualita-del-te-stesso-e-per-l80-percento-dallacqua-utili/},
journal={Comunicaffè},
year={2017}
},

@misc{mo_2017,
title={L'ingrediente acqua nel caffè},
url={http://www.s-caffe.com/it/home/cultura-del-caffe/sguardo-nel-mondo-del-caffe/l-ingrediente-acqua-nel-caffe.html},
journal={www.S-caffe.com},
author={MO, RO},
year={2017}
}
